<record><leader>00000cas a22000007a 4500</leader><controlfield tag="001">10043471</controlfield><controlfield tag="008">831021d18671882nyuwr ne      0    0eng d</controlfield><datafield ind1=" " ind2=" " tag="010"><subfield code="a">sn 83031730 </subfield></datafield><datafield ind1=" " ind2=" " tag="040"><subfield code="a">NPU</subfield><subfield code="b">eng</subfield><subfield code="c">NPU</subfield><subfield code="d">NPX</subfield><subfield code="d">NYG</subfield><subfield code="d">NYS</subfield><subfield code="d">OCLCQ</subfield></datafield><datafield ind1=" " ind2=" " tag="042"><subfield code="a">msc</subfield></datafield><datafield ind1="0" ind2="0" tag="245"><subfield code="a">Allegany Democrat.</subfield></datafield><datafield ind1=" " ind2=" " tag="260"><subfield code="a">Wellsville, Allegany Co., N.Y. :</subfield><subfield code="b">Hiram A. Williams</subfield></datafield><datafield ind1=" " ind2=" " tag="300"><subfield code="a">v. ;</subfield><subfield code="c">61 cm.</subfield></datafield><datafield ind1=" " ind2=" " tag="310"><subfield code="a">Weekly</subfield></datafield><datafield ind1="1" ind2=" " tag="362"><subfield code="a">Began with Sept. 16, 1867 issue.</subfield><subfield code="z">Cf. Faibisoff, S.G. Bibl. of newspapers in 14 N.Y. counties.</subfield></datafield><datafield ind1="0" ind2=" " tag="362"><subfield code="a">-v. 22, no. 14 (Feb. 1, 1882).</subfield></datafield><datafield ind1=" " ind2=" " tag="500"><subfield code="a">Publishers: Eddy &amp; White, &lt;Oct. 6, 1871-1873&gt;; William W. Nichols, &lt;1876&gt;-1882; Nichols &amp; Cowles, 1882.</subfield></datafield><datafield ind1=" " ind2=" " tag="500"><subfield code="a">Editor: William W. Nichols, &lt;1876&gt;.</subfield></datafield><datafield ind1=" " ind2=" " tag="500"><subfield code="a">Democratic. Cf. Rowell, 1870.</subfield></datafield><datafield ind1=" " ind2=" " tag="588"><subfield code="a">Description based on: Vol. 1, no. 40 (Dec. 31, 1869).</subfield></datafield><datafield ind1=" " ind2="4" tag="651"><subfield code="a">Wellsville (N.Y.)</subfield><subfield code="v">Newspapers.</subfield></datafield><datafield ind1=" " ind2=" " tag="752"><subfield code="a">United States</subfield><subfield code="b">New York</subfield><subfield code="c">Allegany</subfield><subfield code="d">Wellsville.</subfield></datafield><datafield ind1="0" ind2="0" tag="785"><subfield code="t">Allegany County Democrat</subfield><subfield code="w">(DLC)sn 84031324</subfield></datafield><datafield ind1="1" ind2=" " tag="029"><subfield code="a">AU@</subfield><subfield code="b">000024692230</subfield></datafield></record>